<record><leader>00000cas a22000007a 4500</leader><controlfield tag="001">13645057</controlfield><controlfield tag="008">860527d18241824mauwr ne      0    0eng  </controlfield><controlfield tag="009">466</controlfield><datafield ind1=" " ind2=" " tag="010"><subfield code="a">sn 86071538 </subfield></datafield><datafield ind1=" " ind2=" " tag="040"><subfield code="a">DLC</subfield><subfield code="b">eng</subfield><subfield code="c">DLC</subfield><subfield code="d">DLC</subfield><subfield code="d">OCLCF</subfield></datafield><datafield ind1="1" ind2=" " tag="029"><subfield code="a">AU@</subfield><subfield code="b">000025787003</subfield></datafield><datafield ind1=" " ind2=" " tag="042"><subfield code="a">msc</subfield></datafield><datafield ind1=" " ind2=" " tag="043"><subfield code="a">n-us-ma</subfield></datafield><datafield ind1="0" ind2="0" tag="050"><subfield code="a">Newspaper</subfield></datafield><datafield ind1="0" ind2="0" tag="245"><subfield code="a">Nautical intelligencer.</subfield></datafield><datafield ind1=" " ind2=" " tag="260"><subfield code="a">Falmouth, Mass. :</subfield><subfield code="b">Wm. E.P. Rogers</subfield></datafield><datafield ind1=" " ind2=" " tag="300"><subfield code="a">v. ;</subfield><subfield code="c">47 cm.</subfield></datafield><datafield ind1=" " ind2=" " tag="310"><subfield code="a">Weekly</subfield></datafield><datafield ind1="1" ind2=" " tag="362"><subfield code="a">Began in 1824; ceased in 1824.</subfield></datafield><datafield ind1=" " ind2=" " tag="588"><subfield code="a">Description based on: Vol. 1, no. 28 (May 28, 1824).</subfield></datafield><datafield ind1=" " ind2=" " tag="588"><subfield code="a">Latest issue consulted: Aug. 6, 1824.</subfield></datafield><datafield ind1=" " ind2="0" tag="651"><subfield code="a">Falmouth (Mass.)</subfield><subfield code="v">Newspapers.</subfield></datafield><datafield ind1=" " ind2="7" tag="655"><subfield code="a">Newspapers.</subfield><subfield code="2">fast</subfield><subfield code="0">(OCoLC)fst01423814</subfield></datafield><datafield ind1=" " ind2="7" tag="651"><subfield code="a">Massachusetts</subfield><subfield code="z">Falmouth.</subfield><subfield code="2">fast</subfield><subfield code="0">(OCoLC)fst01215358</subfield></datafield><datafield ind1=" " ind2=" " tag="752"><subfield code="a">United States</subfield><subfield code="b">Massachusetts</subfield><subfield code="c">Barnstable</subfield><subfield code="d">Falmouth.</subfield></datafield><datafield ind1="0" ind2="0" tag="780"><subfield code="t">Nautical intelligencer, and Falmouth and Homes'-Hole journal</subfield><subfield code="w">(DLC)sn 83020159</subfield><subfield code="w">(OCoLC)9277538</subfield></datafield><datafield ind1="0" ind2="0" tag="785"><subfield code="t">Nautical intelligencer, and Barnstable County gazette</subfield><subfield code="w">(DLC)sn 83020160</subfield><subfield code="w">(OCoLC)9277871</subfield></datafield></record>